@misc{clsag,
    author = {Brandon Goodell and Sarang Noether and RandomRun},
    title = {Concise Linkable Ring Signatures and Forgery Against Adversarial Keys},
    howpublished = {Cryptology ePrint Archive, Report 2019/654},
    year = {2019}
}

@INPROCEEDINGS{bp,
  author={BÃ¼nz, Benedikt and Bootle, Jonathan and Boneh, Dan and Poelstra, Andrew and Wuille, Pieter and Maxwell, Greg},
  booktitle={2018 IEEE Symposium on Security and Privacy (SP)}, 
  title={Bulletproofs: Short Proofs for Confidential Transactions and More}, 
  year={2018},
  volume={},
  number={},
  pages={315-334},
  doi={10.1109/SP.2018.00020}}
  
@misc{bpplus,
    author = {Heewon Chung and Kyoohyung Han and Chanyang Ju and Myungsun Kim and Jae Hong Seo},
    title = {Bulletproofs+: Shorter Proofs for Privacy-Enhanced Distributed Ledger},
    howpublished = {Cryptology ePrint Archive, Report 2020/735},
    year = {2020}
}

@InProceedings{triptych,
author="Noether, Sarang
and Goodell, Brandon",
editor="Garcia-Alfaro, Joaquin
and Navarro-Arribas, Guillermo
and Herrera-Joancomarti, Jordi",
title="Triptych: Logarithmic-Sized Linkable Ring Signatures with Applications",
booktitle="Data Privacy Management, Cryptocurrencies and Blockchain Technology",
year="2020",
publisher="Springer International Publishing",
address="Cham",
pages="337--354",
isbn="978-3-030-66172-4"
}

@article{ringct,
  title={Ring confidential transactions},
  author={Noether, Shen and Mackenzie, Adam and others},
  journal={Ledger},
  volume={1},
  pages={1--18},
  year={2016}
}

@InProceedings{schnorr,
author="Gennaro, R.
and Leigh, D.
and Sundaram, R.
and Yerazunis, W.",
editor="Lee, Pil Joong",
title="Batching {S}chnorr Identification Scheme with Applications to Privacy-Preserving Authorization and Low-Bandwidth Communication Devices",
booktitle="Advances in Cryptology - ASIACRYPT 2004",
year="2004",
publisher="Springer Berlin Heidelberg",
address="Berlin, Heidelberg",
pages="276--292",
isbn="978-3-540-30539-2"
}
